@book{david2017,
  author    = {David, Fred R. and David, Forest R. and David, Meredith E.},
  title     = {Strategic management: A competitive advantage approach, concepts and cases},
  edition   = {16th},
  publisher = {Pearson Education},
  year      = {2017}
}

@report{mercadolibre2024,
  author    = {{MercadoLibre Inc.}},
  title     = {Annual Report 2023 - Form 20-F},
  institution= {Securities and Exchange Commission},
  year      = {2024},
  url       = {https://investor.mercadolibre.com/}
}

@online{mercadolibre_mission,
  author    = {{MercadoLibre Inc.}},
  title     = {About MercadoLibre - Company Mission and Values},
  year      = {2024},
  url       = {https://www.mercadolibre.com/}
}

@book{espejo2011,
  author    = {Espejo, Raul and Reyes, Alfonso},
  title     = {Organizational Systems: Managing Complexity with the Viable System Model},
  publisher = {Springer-Verlag Berlin Heidelberg},
  year      = {2011}
}

@book{porter1985,
  author    = {Porter, Michael E.},
  title     = {Competitive Advantage: Creating and Sustaining Superior Performance},
  publisher = {Free Press},
  year      = {1985}
}

@article{barney1991,
  author  = {Barney, Jay},
  title   = {Firm resources and sustained competitive advantage},
  journal = {Journal of Management},
  year    = {1991},
  volume  = {17},
  number  = {1},
  pages   = {99-120}
}

@article{teece2007,
  author  = {Teece, David J.},
  title   = {Explicating dynamic capabilities: The nature and microfoundations of (sustainable) enterprise performance},
  journal = {Strategic Management Journal},
  year    = {2007},
  volume  = {28},
  number  = {13},
  pages   = {1319-1350}
}

@book{katz_kahn1978,
  author    = {Katz, Daniel and Kahn, Robert L.},
  title     = {The Social Psychology of Organizations},
  edition   = {2nd},
  publisher = {John Wiley \& Sons},
  year      = {1978}
}

@book{checkland2000,
  author    = {Checkland, Peter and Scholes, Jim},
  title     = {Soft Systems Methodology in Action},
  publisher = {John Wiley \& Sons},
  year      = {2000}
}

@book{beer1985,
  author    = {Beer, Stafford},
  title     = {Diagnosing the System for Organizations},
  publisher = {John Wiley \& Sons},
  year      = {1985}
}

@book{jackson2003,
  author    = {Jackson, Michael C.},
  title     = {Systems Thinking: Creative Holism for Managers},
  publisher = {John Wiley \& Sons},
  year      = {2003}
}

@book{porter1985,
  author    = {Porter, Michael E.},
  title     = {Competitive Advantage: Creating and Sustaining Superior Performance},
  publisher = {Free Press},
  year      = {1985}
}

@article{barney1991,
  author  = {Barney, Jay},
  title   = {Firm resources and sustained competitive advantage},
  journal = {Journal of Management},
  year    = {1991},
  volume  = {17},
  number  = {1},
  pages   = {99-120}
}

@article{teece2007,
  author  = {Teece, David J.},
  title   = {Explicating dynamic capabilities: The nature and microfoundations of (sustainable) enterprise performance},
  journal = {Strategic Management Journal},
  year    = {2007},
  volume  = {28},
  number  = {13},
  pages   = {1319-1350}
}

@article{prahalad1990,
  author  = {Prahalad, C. K. and Hamel, Gary},
  title   = {The core competence of the corporation},
  journal = {Harvard Business Review},
  year    = {1990},
  volume  = {68},
  number  = {3},
  pages   = {79-91}
}

@book{freeman1984,
  author    = {Freeman, R. Edward},
  title     = {Strategic Management: A Stakeholder Approach},
  publisher = {Cambridge University Press},
  year      = {1984}
}

@book{kaplan1996,
  author    = {Kaplan, Robert S. and Norton, David P.},
  title     = {The Balanced Scorecard: Translating Strategy into Action},
  publisher = {Harvard Business School Press},
  year      = {1996}
}

@book{mintzberg1998,
  author    = {Mintzberg, Henry and Ahlstrand, Bruce and Lampel, Joseph},
  title     = {Strategy Safari: A Guided Tour Through the Wilds of Strategic Management},
  publisher = {Free Press},
  year      = {1998}
}

@book{johnson2017,
  author    = {Johnson, Gerry and Whittington, Richard and Scholes, Kevan and Angwin, Duncan and Regn√©r, Patrick},
  title     = {Exploring Strategy: Text and Cases},
  edition   = {11th},
  publisher = {Pearson Education},
  year      = {2017}
}

@book{grant2016,
  author    = {Grant, Robert M.},
  title     = {Contemporary Strategy Analysis: Text and Cases},
  edition   = {9th},
  publisher = {John Wiley \& Sons},
  year      = {2016}
}

@book{thompson2018,
  author    = {Thompson, Arthur A. and Peteraf, Margaret A. and Gamble, John E. and Strickland III, A. J.},
  title     = {Crafting and Executing Strategy: The Quest for Competitive Advantage},
  edition   = {21st},
  publisher = {McGraw-Hill Education},
  year      = {2018}
}

@book{wheelen2017,
  author    = {Wheelen, Thomas L. and Hunger, J. David and Hoffman, Alan N. and Bamford, Charles E.},
  title     = {Strategic Management and Business Policy: Globalization, Innovation and Sustainability},
  edition   = {15th},
  publisher = {Pearson Education},
  year      = {2017}
}

@book{hill2017,
  author    = {Hill, Charles W. L. and Jones, Gareth R. and Schilling, Melissa A.},
  title     = {Strategic Management: Theory and Practice},
  edition   = {12th},
  publisher = {Cengage Learning},
  year      = {2017}
}
